%% This BibTeX bibliography file was created using BibDesk.
%% http://bibdesk.sourceforge.net/


%% Created for Brian de Alwis at 2008-04-10 21:31:33 -0700 


%% Saved with string encoding Unicode (UTF-8) 



@book{lamport-1994-ladps,
	Author = {Lamport, Leslie},
	Date-Added = {2008-04-10 21:29:07 -0700},
	Date-Modified = {2008-04-10 21:31:33 -0700},
	Edition = 2,
	Isbn = {0201529831},
	Loc = {Z253.4.L38.L35},
	Publisher = {Addison-Wesley},
	Title = {{LaTeX}: A Document Preparation System},
	Year = {1994}}
